@Book{IEEEhowto:kopka,
AUTHOR = {H.~Kopka and P.~W. Daly},
TITLE = {\emph{A Guide to \LaTeX}, 3rd~ed.\hskip 1em plus
  0.5em minus 0.4em\relax Harlow},
PUBLISHER = {England: Addison-Wesley},
YEAR = {1999}
}

@misc{WinNT:filtro,
  title = {Filtro adaptado},
  howpublished = {\url{https://aholab.ehu.eus/prj/modem/pulsos/filtro.html}},
  note = {Consultado: 2022-05-20}
}

@misc{WinNT:jitter,
  title = {Definición jitter},
  howpublished = {\url{hhttps://techlib.net/definition/jitter.html}},
  note = {Consultado: 2022-05-19}
}

@misc{WinNT:respuestaImpulso,
  title = {Definición respuesta a impulso},
  howpublished = {\url{https://www.produccioneselsotano.com/la-respuesta-de-impulso-esa-gran-desconocida/}},
  note = {Consultado: 2022-05-19}
}
